<?xml version="1.0" encoding="UTF-8"?><record xmlns="http://www.loc.gov/MARC21/slim" xmlns:cinclude="http://apache.org/cocoon/include/1.0" xmlns:zs="http://www.loc.gov/zing/srw/">
  <leader>00416cz  a2200121n  4500</leader>
  <controlfield tag="001">n  88180818 </controlfield>
  <controlfield tag="003">DLC</controlfield>
  <controlfield tag="005">20141210072638.0</controlfield>
  <controlfield tag="008">900129n| azannaab           |n ana     c</controlfield>
  <datafield tag="010" ind1=" " ind2=" ">
    <subfield code="a">n  88180818 </subfield>
  </datafield>
  <datafield tag="040" ind1=" " ind2=" ">
    <subfield code="a">MCM</subfield>
    <subfield code="b">eng</subfield>
    <subfield code="e">rda</subfield>
    <subfield code="c">DLC</subfield>
    <subfield code="d">DLC</subfield>
  </datafield>
  <datafield tag="110" ind1="2" ind2=" ">
    <subfield code="a">Coldwell Banker Commercial Real Estate Services</subfield>
  </datafield>
  <datafield tag="670" ind1=" " ind2=" ">
    <subfield code="a">The Commercial real estate market. Sacramento, 1987:</subfield>
    <subfield code="b">p. 4 of cover (Coldwell Banker Commercial Real Estate Services)</subfield>
  </datafield>
</record>